%% report.bib - contains BiBtex input for bibliography

@book{brech15, 
	author = "Eric Brechner  , James Waletzky", 
	title  = "Agile Project Management with Kanban", 
	publisher= "Microsoft Pr", 
	year   = "2015"	}
	
@book{anderson1,
     author="David J. Anderson",  
     title="Kanban - Successful Evolutionary Change for Your Technology Business",
     publisher="Blue Hole Press",
     year="2010"
     }	

@book{microsoft,
      author="Eric ERIC Brechner",
      title="Agile Project Management with Kanban",
      publisher="Microsoft Press",
      year="2015"
}

@misc{tps,
    author = {Sakichi Toyoda, 
               Kiichiro Toyoda, 
    Eiji Toyoda and Taiichi Ohno},
    title = {{Toyota Production System}},
    howpublished = "Toyota Production System
 \url{https://global.toyota/en/company/vision-and-philosophy/production-system/}",
    year="2020"
     }


@book{Alred03, 
	author = "G. J. Alred and C. T. Brusaw and W. E. Oliu", 
	title  = "Handbook of Technical Writing", 
	publisher= "St. Martin's", 
	address= "New York", 
	year   = "2015 (eleventh edition)"	}

@book{Goossens97, 
	author = "Michel Goossens and Frank Mittelbach and Sebastian Rahtz", 
	title  = "The LaTeX Companion", 
	publisher= "Addison-Wesley", 
	address= "Reading, Mass.", 
	year   = "1997"	} 

@book{Mittelbach04, 
	author = "Frank Mittelbach and Michel Goossens and Johannes Braams and David Carlisle", 
	title  = "The LaTeX Companion", 
	publisher= "Addison-Wesley", 
	address= "Reading, Mass.",
	edition= "second", 
	year   = "2004"	} 

@incollection{Gull89a, 
	author = "S. F. Gull", 
	title  = "Developments in maximum-entropy data analysis", 
	booktitle= " Maximum Entropy and Bayesian Methods", 
	editor = "J. Skilling", 
	pages  = "53-71 ", 
	publisher= "Kluwer Academic",
	address= "Dordrecht", 
	year   = "1989"	} 
 
@inproceedings{Hanson93c, 
	author = "K. M. Hanson", 
	title  = "Introduction to {B}ayesian image analysis", 
	booktitle= "Medical Imaging:\ Image Processing",
	editor = "M.\ H. Loew",
	series = "Proc. SPIE", 
	volume = "1898",
	pages  = "716-731", 
	year   = "1993"	} 

@book{Lamport94, 
	author = "L. Lamport", 
	title  = "LaTeX: A Document Preparation System", 
	publisher= "Addison-Wesley", 
	address= "Reading, Mass.", 
	year   = "1994"	}

@article{Metropolis53, 
	author = "N. Metropolis and A. W. Rosenbluth and M. N. Rosenbluth and A. H. Teller and E. Teller", 
	title  = "Equations of state calculations by fast computing machine", 
	journal= "J. Chem. Phys.",  
	volume = "21", 
	pages  = "1087-1091", 
	year   = "1953"	} 

@book{Perelman97, 
	author = "L. C. Perelman and J. Paradis and E. Barrett", 
	title  = "Mayfield Handbook of Technical and Scientific Writing", 
	publisher= "Mountain View", 
	address= "Mayfield",
	month  = "April", 
	year   = "1997",
	note = "http://mit.imoat.net/handbook/"	}
    
@misc{Lees-Miller-LaTeX-course-1,
    author = {John D Lees-Miller},
    title = {{Free and Interactive Online Introduction to LaTeX}},
    howpublished = "Overleaf, 26 February 2015  \url{https://www.overleaf.com/latex/learn/free-online-introduction-to-latex-part-1}", 
    note = "(Accessed: 15 September 2015)" }
    
@ARTICLE{prandoni,
       author = {{Prandoni}, I. and {Murgia}, M. and {Tarchi}, A. and {Burgay}, M. and
         {Castangia}, P. and {Egron}, E. and {Govoni}, F. and {Pellizzoni}, A. and
         {Ricci}, R. and {Righini}, S. and {Bartolini}, M. and {Casu}, S. and
         {Corongiu}, A. and {Iacolina}, M.~N. and {Melis}, A. and
         {Nasir}, F.~T. and {Orlati}, A. and {Perrodin}, D. and {Poppi}, S. and
         {Trois}, A. and {Vacca}, V. and {Zanichelli}, A. and {Bachetti}, M. and
         {Buttu}, M. and {Comoretto}, G. and {Concu}, R. and {Fara}, A. and
         {Gaudiomonte}, F. and {Loi}, F. and {Migoni}, C. and {Orfei}, A. and
         {Pilia}, M. and {Bolli}, P. and {Carretti}, E. and {D'Amico}, N. and
         {Guidetti}, D. and {Loru}, S. and {Massi}, F. and {Pisanu}, T. and
         {Porceddu}, I. and {Ridolfi}, A. and {Serra}, G. and
         {Stanghellini}, C. and {Tiburzi}, C. and {Tingay}, S. and {Valente}, G.},
        title = "{The Sardinia Radio Telescope . From a technological project to a radio observatory}",
      journal = {\aap},
     keywords = {telescopes, methods: observational, radio continuum: general, radio lines: general, Astrophysics - Instrumentation and Methods for Astrophysics},
         year = 2017,
        month = dec,
       volume = {608},
          eid = {A40},
        pages = {A40},
          doi = {10.1051/0004-6361/201630243},
archivePrefix = {arXiv},
       eprint = {1703.09673},
 primaryClass = {astro-ph.IM},
       adsurl = {https://ui.adsabs.harvard.edu/abs/2017A&A...608A..40P},
      adsnote = {Provided by the SAO/NASA Astrophysics Data System}
}

@ARTICLE{2015JAI.....450008B,
       author = {{Bolli}, P. and {Orlati}, A. and {Stringhetti}, L. and {Orfei}, A. and
         {Righini}, S. and {Ambrosini}, R. and {Bartolini}, M. and
         {Bortolotti}, C. and {Buffa}, F. and {Buttu}, M. and {Cattani}, A. and
         {D'Amico}, N. and {Deiana}, G. and {Fara}, A. and {Fiocchi}, F. and
         {Gaudiomonte}, F. and {Maccaferri}, A. and {Mariotti}, S. and
         {Marongiu}, P. and {Melis}, A. and {Migoni}, C. and {Morsiani}, M. and
         {Nanni}, M. and {Nasyr}, F. and {Pellizzoni}, A. and {Pisanu}, T. and
         {Poloni}, M. and {Poppi}, S. and {Porceddu}, I. and {Prandoni}, I. and
         {Roda}, J. and {Roma}, M. and {Scalambra}, A. and {Serra}, G. and
         {Trois}, A. and {Valente}, G. and {Vargiu}, G.~P. and {Zacchiroli}, G.},
        title = "{Sardinia Radio Telescope}",
      journal = {Journal of Astronomical Instrumentation},
     keywords = {Radio telescope, technical commissioning, radio astronomy, Astrophysics - Instrumentation and Methods for Astrophysics},
         year = 2015,
        month = dec,
       volume = {4},
          eid = {1550008-880},
        pages = {1550008-880},
          doi = {10.1142/S2251171715500087},
archivePrefix = {arXiv},
       eprint = {1603.06134},
 primaryClass = {astro-ph.IM},
       adsurl = {https://ui.adsabs.harvard.edu/abs/2015JAI.....450008B},
      adsnote = {Provided by the SAO/NASA Astrophysics Data System}
}

    
 